3066 5006
162 1144 221 1198 Kal
237 1145 430 1225 ποιμενιιρχῶρ
444 1135 498 1203 ’τόν
513 1147 671 1219 κατάλογον
689 1145 786 1206 cadurs
802 1145 908 1217 Ῥώμης
923 1142 1005 1216 νέας,
1028 1143 1158 1216 βέλτιστε,

515 1219 566 1289 τῆς
581 1223 804 1275 Κωνστανπίνου.
879 1259 882 1268 .

106 1364 193 1428 9565
209 1360 246 1428 ‘O
263 1362 476 1450 πραιτόκλητος
486 1365 631 1447 Ἀνδρίας
645 1367 832 1444 ἀποστόλων,

212 1474 267 1550 τῆς
279 1468 430 1549 εὐσεβείας
444 1471 685 1560 ἓγκατασπείραιν
697 1471 812 1558 σπόρον

210 1579 274 1645 τοῖς
288 1575 452 1648 Ποντικοῖς
465 1576 589 1658 κλίμασι
604 1577 654 1642 καὶ
668 1577 830 1654 Βιθυνίας,

212 1670 275 1761 ὁδῷ
289 1675 402 1760 προϊιόν
415 1680 465 1740 καὶ
483 1679 653 1761 Βρζανπίιλα
668 1677 798 1766 φθόνει·

209 1775 247 1859 ἣν
263 1777 434 1864 φαιδρύνας
448 1778 597 1875 δόγμασιν
611 1784 718 1862 1ἔνθίου
734 1783 837 1868 λόγου,

99 1883 190 1947 9570
207 1885 337 1970 Χριστῷ
351 1885 382 1948 τ’
401 1884 524 1970 ἀγείρας
539 1889 672 1968 εὐσεβῶν
686 1889 855 1970 ἐκκλησίας,

207 1984 364 2068 εὐκτήριον
380 1986 487 2064 τεόξας
502 2015 534 2054 τε
548 2001 612 2070 τοῖς
627 2001 744 2068 πιστοῖς
757 1987 852 2072 δόμον

206 2090 239 2153 ἐν
249 2089 448 2178 Χρυσοπόλει
463 2099 502 2180 τῇ
515 2095 680 2182 κεκλημένῃ
695 2094 791 2174 πόλει,

206 2193 368 2278 ίιιίσκριιον
382 2196 505 2288 τίθησιν
520 2200 551 2264 ἓν
564 2197 663 2288 ταύτῃ
677 2197 810 2284 Στάχυν,

265 2373 335 2430 9573
360 2373 394 2426 de
415 2374 622 2442 Byzantinorum
645 2376 828 2448 episcoporum
853 2383 914 2430 aute
934 2371 1104 2430 Constantini
1121 2371 1208 2443 magni
1256 2363 1268 2386 '

243 2469 246 2476 ·
266 2450 379 2498 aetatem
396 2443 464 2496 lalsa
481 2443 561 2511 serie,
581 2462 598 2497 a
615 2445 717 2516 Staohy
732 2463 816 2514 usque
831 2447 867 2500 ad
882 2446 1008 2512 Probum,
1025 2444 1091 2496 eatis
1102 2453 1209 2512 praeter

267 2512 335 2566 alios
360 2511 486 2566 disseruit
507 2513 654 2583 Lequiniua
670 2515 699 2568 in
716 2515 837 2570 Orientis
854 2513 1002 2568 Christiani
1022 2521 1094 2565 tomo
1111 2512 1207 2582 primo.

265 2581 317 2634 hoc
333 2591 406 2635 certe
420 2582 569 2637 rectissime
584 2583 696 2652 dieitur,
716 2586 880 2654 suppositum
897 2583 969 2636 illum
986 2583 1121 2636 Dorotheo
1138 2599 1209 2634 mur-

265 2651 321 2718 tyri
338 2651 469 2719 libellum‚
494 2652 522 2706 iu
540 2670 593 2721 quo
610 2654 746 2724 praedicta
763 2654 848 2708 series
866 2652 1036 2725 proponitur,
1060 2649 1130 2709 haud
1146 2658 1209 2703 ante

264 2721 394 2774 Photiana
409 2727 529 2790 tempora
547 2723 630 2776 luisse
647 2725 800 2791 confictum,
819 2722 1028 2795 quandoquidem
1046 2729 1074 2774 et
1090 2720 1134 2772 ille
1150 2722 1207 2787 By-

265 2787 1208 2928 ultusultusutullus?„litut*utillud

265 2929 328 3005 quia
352 2929 479 2986 videlicet
500 2931 525 2984 is
546 2880 631 2985 caldo
650 2948 681 2985 us
703 2941 837 2986 auctorem
854 2903 984 2985 P’hotiano
1006 2931 1146 2986 schismate
1163 2899 1208 2982 ses

264 2999 365 3052 niorem
379 2999 476 3055 habete
492 2999 593 3054 desinit
607 3017 676 3054 emm
692 3001 721 3053 in
737 2999 876 3056 Methodio
892 3002 922 3068 Ι,
938 2999 985 3070 qui
1002 3007 1118 3053 sanctum
1135 2997 1206 3051 illum

263 3067 392 3136 ignatium
429 3070 565 3138 tuccessit,
583 3079 675 3126 eontra
692 3087 769 3140 quem
785 3071 897 3126 Photius
913 3079 1043 3140 tyrannus
1060 3068 1207 3122 debaccha-

263 3143 306 3191 tus
325 3146 376 3192 est.
409 3087 598 3210 hiphraemium
621 3142 770 3211 praesentis
796 3139 910 3210 catalogi
930 3149 1062 3194 auctorem
1080 3137 1207 3190 schisma·
1306 3137 1310 3148 ⁴

262 3207 317 3260 tico
333 3208 418 3261 fluisse
435 3210 536 3278 animo,
562 3209 628 3264 satis
646 3211 826 3279 cognoscimus
845 3227 879 3266 ex
895 3209 987 3264 hlexii'
995 3209 1036 3262 111
1052 3208 1203 3261 Theodori-

263 3293 315 3346 que
326 3277 341 3329 I
352 3278 428 3332 ritis.
454 3278 478 3330 is
490 3278 583 3364 igitur²
597 3287 627 3331 ut
638 3279 682 3334 alii
695 3281 767 3351 paris
779 3281 908 3352 dogmatis
921 3277 1086 3350 partiumque
1098 3276 1206 3343 Graeci,

262 3345 359 3400 seriem
394 3347 552 3416 raedictam,
574 3348 661 3403 unvita
676 3349 741 3403 licet
757 3347 888 3417 veritate,
906 3363 959 3401 non
974 3356 1018 3401 est
1034 3357 1206 3417 aspernatum

261 3430 331 3486 quae
347 3365 393 3468 rel
409 3417 512 3485 patriae
528 3417 646 3488 gloriae,
672 3428 703 3475 ut
718 3419 766 3489 fit,
792 3419 873 3472 nimio
892 3433 996 3484 amore,
1020 3415 1066 3470 vel
1083 3417 1117 3468 ob
1135 3410 1203 3469 falso

261 3486 470 3554 exaggerandam
484 3487 627 3556 Byzantini
642 3487 812 3572 episcopatus
827 3487 1024 3555 antiquitatem,
1043 3492 1134 3539 contra
1148 3486 1205 3539 llo-

259 3570 352 3607 manae
369 3555 497 3609 ecciesiae
516 3565 733 3626 praerogatrras,
763 3557 875 3610 conficta
891 3556 953 3610 fuit.
990 3565 1033 3608 est
1048 3555 1130 3623 igitur
1149 3555 1205 3624 pri-

258 3639 316 3676 mus
341 3621 467 3692 Byzantii
490 3625 614 3680 indubius
636 3626 776 3710 episcopus
793 3626 839 3680 ille
857 3624 1045 3695 Metrophanes
1063 3626 1113 3677 sub
1130 3625 1204 3676 Con-

258 3692 375 3746 stantino
398 3711 509 3766 magno,
536 3695 580 3749 vel
601 3705 690 3764 potrus
707 3697 757 3750 sub
775 3695 876 3750 Severo
894 3695 1055 3766 imperatore
1070 3691 1206 3746 Philadel-

259 3759 343 3830 phus,
366 3767 509 3818 secundum
524 3765 673 3818 Simeonem
684 3765 906 3834 Metaphrastemr
928 3781 1015 3836 neque
1031 3763 1099 3816 enim
1117 3763 1205 3818 credi-

258 3831 313 3884 bile
338 3832 445 3886 videtur
466 3833 623 3902 Byzantium
647 3833 719 3888 haud
742 3835 885 3902 ignobilem
903 3835 994 3888 urbem
1010 3831 1128 3887 caruisse
1145 3834 1205 3902 epi-

257 3915 340 3973 scopo
354 3919 438 3974 usque
452 3904 487 3957 ad
501 3921 587 3958 novae
599 3905 673 3958 urbis
688 3904 853 3960 fundatorem
870 3905 913 3958 vel
927 3903 1017 3975 potius
1031 3902 1135 3958 veteris
1149 3919 1205 3958 am-

147 4049 372 4110 Potrioroltorurn
390 4045 480 4128 accipe
497 4075 573 4112 ιιιιιισ
590 4059 749 4129 catalogum
765 4062 888 4114 novellae
906 4059 1009 4138 Bomos
1031 4059 1152 4129 (ἔμπλεοι.

163 4154 258 4225 (9⁵55)
276 4160 459 4229 Apostolorum
476 4159 596 4218 Andreas
611 4162 775 4233 protocletus
792 4179 849 4216 eum
865 4161 1002 4232 religionis
1017 4180 1100 4234 verae
1114 4177 1204 4216 semea

90 4231 234 4306 ΒΡῧῐέθξθῑ
256 4243 306 4296 per
327 4229 407 4283 Booti
428 4231 552 4298 regiones
576 4250 608 4285 ac
631 4233 789 4300 Bithyniae,
814 4231 884 4286 ultra
904 4249 1062 4304 progressus
1075 4231 1204 4302 pervenit

91 4291 264 4374 Bflffllilfflllt
281 4313 358 4363 quam
375 4314 432 4353 cum
450 4300 543 4353 divino
559 4303 643 4356 verbo
659 4302 820 4357 illustrasset
836 4304 926 4356 urbem
941 4303 1039 4369 (9670)
1057 4309 1085 4356 et
1102 4303 1204 4354 condas

92 4371 179 4413 vrsset
202 4362 309 4418 Christo
332 4369 494 4422 credentium
518 4373 759 4440 caet11m‚¹aedem
786 4371 879 4425 orandi
903 4387 984 4424 causa
1007 4370 1059 4441 piis
1082 4370 1204 4424 lidelibus

85 4423 247 4487 ‘flfflfifflvit
260 4438 380 4506 proxima
396 4439 424 4493 in
443 4439 620 4512 Chrysopoll,
642 4442 831 4512 constituitque
850 4440 1002 4516 episcopum
1016 4439 1057 4494 ibi
1074 4439 1205 4510 stachyn,
