3004 5008
317 397 376 464 DE
400 396 559 464 ΙΟλΝΝΕ
583 398 694 466 uum
718 395 925 468 VATATZE.
1098 398 1171 472 335
1215 422 1218 430 ⁴

243 575 351 636 Ταῦτα
366 572 421 654 μὲν
435 563 490 636 οόν
505 568 609 654 όσχηιιε
623 568 709 638 τόνδε
724 572 777 638 τὸν
791 569 919 661 τρόπον·

84 675 157 742 8325
176 670 192 738 ὁ
209 674 241 737 δ’
257 673 384 758 Ἀσάνης
398 674 515 761 ἔστεργε
532 671 700 758 συμβάσεις
713 676 797 754 τέως,

175 778 256 861 εἰμὴ
272 783 434 864 καθαρῶς,
460 777 538 842 atat
555 778 589 844 τδ
605 780 694 843 πλέον
710 781 812 864 μέρος.

174 880 271 969 τούτῳ
285 880 442 966 θανούσης
455 879 498 958 ὡς
511 880 587 970 ἔφην
603 887 657 964 τῆς
674 881 803 968 συζόγου

173 989 226 1076 τήν,-
242 987 274 1061 δξ
291 986 456 1072 Οδγγρίας,
476 984 553 1071 πρδς
565 983 682 1070 γάμους
695 1011 730 1070 γε
744 986 902 1074 δευτέρους

168 1086 291 1172 ἠγάγετ’
312 1088 457 1171 &acopos
473 1111 505 1154 τε
520 1091 571 1154 καὶ
585 1086 770 1176 παρανόμως

78 1193 154 1256 8330
170 1192 226 1274 τήν
244 1189 409 1278 Θεοδώρου
422 1195 522 1256 παΐδα
533 1195 797 1278 Κομνηναγγέλου,

169 1293 204 1360 ὃν
218 1295 321 1380 φωτός
334 1297 473 1381 ἐστέρησε
489 1296 523 1361 τὸ
538 1299 609 1380 πρὶν
624 1295 781 1380 ὀμμάτων,

167 1403 273 1480 κλῆσιν
288 1397 438 1484 Εἰρήνην,
463 1399 586 1483 ἀγαθήν
598 1398 672 1482 όηνιν
686 1399 777 1479 πάνυ,

166 1502 210 1585 μὴ
227 1501 407 1586 κασιγνήτου
424 1505 517 1586 κῆδος
530 1504 562 1568 ἐν
575 1509 618 1592 νῷ
634 1501 809 1586 λαμβάνων.

165 1606 284 1670 παίδων
300 1607 333 1670 δ’
351 1603 466 1692 ὑπῆρχε
482 1605 645 1692 σετρακτδς
661 1605 825 1696 Θεοδιόριμ,

73 1704 146 1770 8335
160 1706 301 1792 Ἰωάννης
315 1735 347 1774 τε
360 1707 538 1796 Δημήτριος
554 1710 610 1776 σὺν
621 1707 721 1797 Ἄννη,

163 1809 280 1897 Εἰρήνη
295 1814 325 1878 τ’
346 1804 404 1892 οδ,
425 1810 566 1888 σόνευνος
578 1813 668 1878 'Auito
684 1811 875 1903 Βουλγάρου,

163 1914 185 1998 ἢ
201 1913 315 1992 παῖδάς
331 1917 359 1980 oi
375 1926 456 2002 τρεῖς
469 1916 641 1994 άπαιέξασα
654 1914 779 2004 φθάνει,

162 2020 296 2102 Μιχαὴλ
311 2021 443 2106 Μαρίαν
456 2045 487 2085 τε
500 2022 551 2084 καὶ
570 2017 744 2106 Θεοδάραν.

162 2124 283 2209 εἱρκτῆς
299 2124 333 2188 δὲ
348 2127 467 2206 δεσμῶν
485 2125 622 2201 ἓκλυθεδς
637 2122 749 2208 κήδους
758 2123 849 2214 χάριν

72 2221 143 2288 8340
161 2223 177 2290 ὁ
192 2229 415 2310 μνημονευθεδς
431 2226 594 2315 Θεόδωρος
608 2228 753 2306 πολλάκις

39 2323 42 2334 ’
162 2329 388 2414 Θεσσαλονίκην
401 2328 629 2411 καταλαμβάνει
642 2328 746 2396 πόλιν·
770 2371 775 2378 ·

158 2431 236 2515 μετά
255 2431 392 2520 φενάκης
403 2433 435 2496 δ’
455 2433 580 2499 εόσελιόν
593 2455 626 2497 τε
639 2432 752 2520 ῥακίων

158 2537 229 2604 εἴσω
247 2538 411 2622 παρελθὼν
424 2540 516 2620 τῆσδε
531 2535 639 2602 λαθιδν
651 2538 772 2619 τειχέων

158 2639 346 2726 συνιστόρων
358 2639 458 2706 cutm
470 2643 565 2706 τεκαὶ
578 2643 718 2731 συνεργία

71 2735 140 2806 8345
160 2747 273 2827 δεσμοῖ
284 2745 315 2810 τ’
332 2742 476 2831 ἀδελφόν,
501 2745 534 2808 ἐν
546 2741 824 2832 κεφαλαίῳ-φάναι,

156 2850 206 2912 καὶ
222 2846 258 2912 τδ
276 2849 346 2934 πρὶν
360 2847 500 2936 ἀνείληφε
517 2853 571 2930 τῆς
580 2843 687 2933 χώρας
701 2845 823 2935 κράτος.

61 2975 63 2988 ·
156 2947 211 3016 εἶτ’
227 2949 369 3036 Ἰωάννην
383 2951 472 3016 υἱέων
488 2953 584 3038 φίλων
600 2951 652 3014 ἵνα

155 3065 219 3130 τοῖς
232 3060 401 3134 βασιλικοῖς
415 3051 550 3140 ὡραίους
565 3051 740 3137 συμβόλοις,

156 3159 234 3246 πρὸς
249 3157 280 3221 δ’
297 3150 336 3222 αδ
351 3165 512 3224 καλεῖσθαι
526 3160 677 3233 θεσπίσας
687 3155 826 3239 βασιλέα,

215 3353 285 3410 8333
302 3355 392 3409 recole
410 3374 435 3410 v.
453 3357 530 3412 8068.

122 3518 208 3590 Atque
224 3523 268 3578 hic
284 3527 336 3579 suit
352 3526 504 3597 praedictae
520 3533 631 3586 ¹aventus
648 3525 698 3580 rei.
723 3526 818 3594 (8325)
835 3524 936 3578 asanaa
953 3525 1038 3577 auiam
1049 3521 1078 3575 in
1091 3524 1149 3578 ioe-

62 3580 117 3638 dora
132 3593 265 3663 manebat,
286 3595 335 3649 etsi
352 3609 404 3648 non
421 3613 543 3667 prorsus,
563 3605 675 3650 attamen
694 3604 831 3664 exparte.
856 3594 880 3646 is
897 3593 1021 3647 defuncta
1037 3592 1104 3660 eibi,
1122 3599 1152 3648 ut

61 3667 131 3730 §upra
146 3661 270 3733 diximus,
288 3666 420 3734 Ungarica
439 3675 574 3733 consorte,
593 3666 714 3718 secundis
731 3664 830 3732 nuptiis
846 3663 922 3716 duxit
937 3679 1044 3715 uxorem
1059 3669 1151 3718 contra

61 3735 96 3773 ¹11¹
117 3731 265 3784 canonicum
289 3735 382 3803 (8330)
404 3735 543 3788 Theodori
565 3735 643 3787 filiam
666 3731 884 3800 Comneoangeii‚
910 3749 985 3800 quem
1008 3731 1068 3801 ipse
1090 3732 1151 3785 otim

60 3792 134 3870 opulis
153 3801 307 3872 orbaverat,
330 3804 434 3857 nomine
452 3805 569 3873 henam,
593 3803 720 3872 adspectu
736 3801 965 3870 formosissimam,
982 3799 1073 3853 fratria
1090 3801 1151 3854 cffi-

59 3869 156 3917 mtatem
169 3868 237 3922 haud
250 3874 391 3926 reveritus.
412 3882 486 3926 erant
498 3874 559 3926 huic
571 3871 713 3925 Theodoro
725 3879 848 3940 quattuor
859 3870 947 3938 liberi,
965 3871 1061 3938 (8335)
1072 3869 1151 3924 Ioun.

59 3941 98 3980 nos
117 3941 142 3986 et
158 3935 306 3994 Demetrius
324 3951 404 4012 atque
421 3944 505 4008 Anna,
533 3942 647 4012 denique
665 3943 742 3994 irene
759 3958 825 3994 uxor
838 3939 932 3992 Asenis
945 3939 1063 4008 Bulgari,
1082 3956 1150 4008 quae

58 4001 120 4064 “pud
142 4005 227 4074 ipsum
252 4012 356 4080 peperit
379 4021 432 4065 tres
457 4011 573 4080 liberos,
597 4011 753 4064 'Michaelem
775 4009 892 4062 'Mariam
919 4016 947 4060 ot
970 4009 1148 4063 Theodoram.

57 4081 155 4124 carcere
178 4093 256 4144 porro
280 4081 388 4133 emissus
407 4083 440 4132 ob
460 4081 525 4134 istas
543 4081 648 4150 nuptias
671 4079 766 4148 (8340)
786 4079 943 4131 Theodorus
960 4077 1019 4146 ille,
1046 4079 1148 4147 dequo

58 4149 129 4205 ssepe
145 4142 271 4215 diximus,
288 4149 502 4204 Thessalonicam
520 4153 594 4203 venit
612 4151 680 4202 haud
698 4151 798 4216 absque
814 4148 890 4201 dolo:
908 4165 967 4200 natu
987 4159 1043 4200 cum
1057 4147 1148 4214 galero

56 4218 218 4288 Pflunosaque
235 4225 309 4270 veste
329 4220 392 4272 clam
410 4221 481 4272 intra
497 4220 600 4273 moenia
617 4218 708 4288 oppidi
724 4227 857 4286 receptus,
877 4219 1070 4270 coniuratorum
1085 4234 1148 4271 con.

56 4279 153 4358 Ῥξιαμίε
177 4283 278 4338 viribus
304 4287 400 4358 (83⁴5)
422 4290 546 4355 fratrem,
573 4300 602 4343 ut
618 4289 701 4342 dicam
720 4289 854 4355 breviter,
882 4287 910 4339 in
928 4285 1013 4340 vincla
1031 4284 1148 4354 coniicit,

56 4355 182 4418 pristmum
209 4351 266 4421 ipse
291 4357 448 4411 dominatum
473 4358 579 4426 recipit.
614 4376 674 4412 mox
696 4375 774 4411 unum
797 4375 812 4408 e
833 4357 888 4410 auis
911 4356 1003 4415 liberis
1023 4355 1147 4410 Ioannem

56 4412 191 4484 msiguibus
220 4427 307 4480 ornari
334 4426 416 4498 regiis
445 4425 545 4496 voluit,
575 4435 655 4500 atqua
683 4428 752 4482 huuc
780 4443 870 4495 regem
898 4424 1025 4496 appellari
1054 4424 1148 4493 iamim
