3108 5002
607 425 855 497 PRAEFATIO.
1258 433 1282 502 5

165 607 244 652 cano
274 607 378 651 nomen
403 585 567 674 Ephraemii
593 613 649 656 non
675 592 796 690 legitpn
827 615 918 680 neque
942 593 972 661 id
995 615 1052 682 ego
1077 594 1281 673 divinavissem,

167 706 226 770 nisi
249 717 412 792 comparato
434 707 531 773 codice
550 732 609 774 cum
627 711 744 778 laudatis
761 713 798 778 ah
816 713 920 778 Allatio
937 711 1099 800 fragmentis
1116 714 1185 779 mihi
1202 715 1281 779 inno·

168 825 280 890 luisset.
323 839 449 912 superest
474 851 548 916 ergo
571 843 600 896 ut
624 832 742 898 Allatius
760 834 806 898 vel
823 835 906 899 alium
923 834 1049 898 codicem
1065 856 1137 920 pras
1155 833 1282 901 manibus

169 943 320 1020 hahuerit,
352 947 400 1010 vel
427 960 506 1014 carte
530 950 691 1018 Vaticanum
712 955 831 1020 nondum
850 953 967 1020 sortasse
983 966 1042 1020 tum
1057 952 1222 1038 acephalum
1238 952 1279 1016 le-

169 1065 263 1150 gerit,
296 1087 399 1149 pancas
426 1081 517 1133 autem
543 1071 694 1137 varietates
712 1074 774 1162 ipse
792 1075 953 1142 exscribens
974 1073 1111 1142 effecerit.
1154 1070 1283 1158 prolecto

170 1205 235 1248 cum
263 1183 360 1250 lolium
387 1189 572 1256 tantummodo
597 1194 717 1280 primmn
743 1216 761 1258 a
789 1195 890 1262 codice
914 1195 1002 1272 absit,
1033 1195 1064 1259 in
1094 1213 1150 1280 quo
1179 1211 1283 1255 nornen

169 1303 296 1368 auctoris
323 1327 388 1371 csse
416 1307 526 1388 debuit,
554 1312 638 1378 valde
664 1314 790 1400 suspicor
815 1325 879 1400 post
900 1313 997 1380 Allatii
1020 1323 1140 1378 nentem
1158 1309 1188 1376 id
1206 1307 1281 1374 cxci·

171 1422 264 1500 disse,
298 1446 361 1490 cum
381 1428 472 1494 codex
488 1431 541 1498 Pio
558 1431 599 1498 Vl
616 1443 767 1520 regnante,
797 1435 874 1500 cuius
890 1455 961 1500 nnnc
981 1443 1125 1500 stemmata
1143 1430 1235 1518 gerit,
1264 1449 1285 1492 a

169 1543 340 1634 hihliopego
366 1562 523 1635 conpactus
547 1550 606 1616 luit.
650 1564 679 1616 ot
702 1574 770 1618 sane
793 1553 862 1620 mihi
886 1563 999 1620 narratu
1020 1551 1104 1617 multa
1126 1545 1283 1614 huiusmodi
1321 1612 1330 1620 ,

170 1668 273 1733 damna
289 1667 327 1732 ah
345 1643 496 1756 operarum
513 1669 622 1736 inscitia
639 1673 782 1741 Vaticanis
798 1673 955 1749 codicibus,
973 1672 1138 1755 praesertim
1153 1667 1281 1744 Graccis,

169 1786 319 1854 accidisse.
362 1790 413 1853 sed
438 1788 475 1855 de
499 1791 598 1856 codice
621 1791 768 1870 hactenus
809 1793 865 1858 iam
892 1815 953 1857 cum
978 1813 1069 1876 neque
1085 1787 1220 1863 Allatius,
1252 1795 1283 1849 ut

169 1907 249 1988 dixi,
287 1929 380 1994 neque
408 1908 459 1975 alii
485 1912 586 1978 eruditi
614 1914 758 1999 quicquam
790 1912 826 1979 de
857 1913 1029 1998 Ephraemio
1062 1902 1282 1993 chronographo

161 2050 287 2096 narrare
316 2026 477 2108 videantur,
509 2032 578 2098 mihi
602 2033 715 2119 quidem
737 2033 775 2098 de
796 2035 859 2100 viro
880 2031 936 2096 hoc
956 2028 1101 2118 quaerenti
1120 2021 1285 2090 occurrebat

168 2149 357 2236 Ephraemius
383 2150 449 2230 ille,
481 2173 563 2238 qnam
589 2151 729 2218 lohannes
753 2153 809 2218 XII
839 2151 1001 2238 patriarcha
1032 2147 1192 2236 Cpulitanus
1218 2154 1283 2208 anta

171 2293 279 2338 sacram
303 2293 381 2335 suam
406 2270 568 2358 dignitatem
584 2270 720 2361 legitimis
737 2275 838 2360 nuptiis
856 2273 966 2363 genuit;
994 2271 1031 2335 de
1049 2291 1104 2356 quo
1121 2262 1283 2330 nominatim

171 2391 344 2477 Ephraemio
372 2377 462 2457 verha
489 2389 556 2456 lacit
581 2391 770 2482 Pachpmercs
787 2395 817 2459 iu
833 2391 971 2479 praedicti
986 2385 1166 2477 patriarchae
1184 2381 1282 2448 notitia

173 2525 236 2579 tom.
257 2519 276 2582 2
298 2509 391 2579 lint
417 2515 474 2588 11,
506 2510 570 2576 dum
597 2513 636 2578 ait
664 2515 813 2599 episcopus
840 2514 913 2578 inter
940 2521 1050 2576 ceteras
1078 2503 1283 2571 criminationes

178 2633 359 2717 patriarcham
381 2629 600 2718 reprehendisse
624 2601 698 2718 pund
715 2630 790 2710 hona
808 2629 947 2696 ecclesiae
963 2627 1137 2714 Ephraemio
1154 2622 1214 2685 lilio
1232 2637 1283 2684 suo

177 2755 357 2842 dispensanda
380 2750 567 2838 relinqueret,
593 2773 649 2816 nou
672 2753 817 2817 constituto
840 2762 922 2838 prout
942 2749 1025 2837 leges
1046 2743 1179 2812 iubebant
1198 2759 1282 2803 osco-

171 2897 264 2940 nomo.
310 2894 413 2961 reapse
440 2884 469 2937 ot
493 2882 589 2938 nonar
613 2869 846 2960 chronographus
863 2871 894 2936 in
910 2868 1134 2957 patriarcharum
1152 2859 1282 2945 catalogo

169 3005 306 3060 memorat
325 2993 474 3058 masculum
494 2989 626 3056 Iohannis
637 2991 689 3056 ΧΗ
710 2987 813 3068 lilium3
835 2988 887 3055 scd
905 2989 941 3054 de
959 3011 991 3054 se
1009 2989 1071 3074 ipso
1088 2983 1163 3051 haud
1180 2980 1284 3044 diserte
1328 2975 1330 2980 ’

169 3114 245 3201 loqui
277 3113 424 3202 significat.
469 3124 498 3178 et
524 3125 616 3176 tamen
643 3123 722 3175 aetas
754 3111 882 3197 apprime
911 3107 1055 3195 congruit:
1086 3122 1205 3190 namque
1232 3099 1282 3164 hic

167 3234 310 3302 lohannes
348 3231 565 3321 patriarchatum
594 3230 706 3298 retinuit
737 3251 823 3318 nsque
854 3227 892 3292 ad
924 3225 1029 3291 Christi
1060 3245 1158 3288 annum
1187 3215 1279 3296 1304,

166 3368 266 3420 noster
298 3365 387 3419 autem
418 3351 605 3441 Ephraemius
636 3349 787 3416 chronicon
817 3371 894 3414 snum
922 3367 994 3410 anuo
1025 3347 1107 3415 1313
1135 3335 1282 3405 concludit.

168 3478 225 3542 iam
247 3481 306 3562 c'go
327 3471 418 3538 luntas
437 3469 644 3557 Ephraemicae
665 3468 868 3556 chronologiae
888 3463 1029 3552 comperi,
1060 3461 1199 3528 Zonaram
1221 3455 1280 3539 qui·

168 3595 234 3659 dem
254 3613 342 3681 usque
363 3587 401 3656 ad
421 3590 551 3656 Alexiil
583 3587 720 3656 comneni
740 3589 862 3662 obitum,
893 3585 1023 3651 Nicetam
1052 3577 1217 3645 Ghoniatam
1237 3597 1281 3638 us·

168 3735 225 3798 que
247 3711 284 3776 ad
305 3699 501 3777 Balduiunml
531 3711 745 3796 imperatorem,
779 3707 881 3774 deiude
907 3724 978 3770 uero
1009 3703 1163 3790 Georgium
1193 3699 1282 3764 Acro·

168 3833 295 3919 politam.
337 3852 397 3920 aga
417 3851 489 3896 vero
510 3828 585 3918 quod
605 3826 792 3916 Ephraemius
812 3825 958 3892 historiam
979 3824 1089 3909 poetico
1107 3832 1197 3888 metro
1216 3840 1281 3884 con·

171 4149 298 4221 tuanen
315 4149 387 4224 θέᾳ,
414 4157 444 4208 at
465 4153 578 4210 Allium
601 4153 653 4209 loc.
676 4150 724 4208 cit.
746 4147 863 4219 ἐμπαθῆ
887 4145 971 4204 θέαν.
1007 4147 1078 4218 apud
1101 4162 1142 4200 me
1165 4159 1193 4198 v.
1211 4140 1281 4198 7404

169 4233 408 4300 ἔπεισπεπαικῶεε
424 4243 453 4295 at
468 4239 579 4296 Allstius
595 4239 648 4294 loc.
666 4238 714 4292 cit.
731 4232 967 4297 ἐπεισπεπτωκιός.
1001 4234 1072 4304 apud
1089 4247 1131 4286 me
1147 4247 1175 4285 v.
1196 4225 1280 4284 10355

169 4341 216 4378 πω
240 4331 270 4382 et
294 4324 381 4384 touta
403 4321 517 4390 hordea
541 4331 571 4384 at
593 4325 704 4384 Allatius
725 4341 784 4380 scon
808 4330 837 4380 et
858 4317 976 4392 ludonis,
999 4327 1031 4376 nt
1050 4317 1162 4392 propriu
1176 4317 1204 4372 in
1221 4315 1301 4370 loco'

167 4409 238 4468 uixit
