3030 5002
320 377 378 446 οο
403 377 653 450 mnuonrco
680 363 904 454 comneno.
1094 385 1168 458 τεο

161 546 290 628 Ἀλίξιος
303 547 362 636 γὰρ
377 549 411 616 lu
424 551 594 640 Κομνηνῶν
609 577 655 631 τις
665 553 778 640 χένους,
891 582 893 600 ·

166 649 309 730 κύκιστος
323 653 400 741 ἀνὴρ
416 657 466 722 καὶ
483 654 813 745 φθορεδςῬιομοίίδος,
882 745 887 752 ¹

163 756 240 843 παρ’
253 757 446 846 Ἀνδρονίκου
460 763 667 846 φυγαδευθεὶς
679 765 722 840 εἷς
735 761 874 842 Σκύθας,

78 856 149 926 5180
166 859 266 947 φυγὰς
278 860 400 950 ἀπαίρει
413 861 490 949 πρὸς
502 865 642 930 Σικελίαν
654 865 780 951 τρέχων,

164 965 215 1028 καί
229 969 273 1052 τῷ
284 961 494 1052 τυραννεύοντι
507 969 600 1050 τῆσδε
612 969 743 1060 Λατίνῳ

164 1069 206 1145 εἰς
217 1065 292 1150 ὄψιν
305 1068 408 1134 tetdo
419 1071 462 1146 είς
473 1067 594 1154 ὁμιλίαν
606 1067 716 1158 λόγων,

163 1166 206 1248 ὥς
221 1166 313 1255 εἶχεν,
337 1172 458 1256 ἐξέμηνε
472 1173 542 1240 κατ’
554 1172 765 1262 Ἀνδρονίκου·

161 1271 237 1340 ὅθεν
253 1275 400 1361 στρατιδν
415 1276 593 1366 εὐτρεπίσας
604 1280 728 1366 μοριάν,

77 1376 144 1443 1185
161 1374 253 1462 πεζήν
266 1403 298 1444 τε
312 1377 455 1464 ναυτικήν
467 1408 517 1461 τε,
540 1380 597 1470 dri}
611 1383 751 1460 Σικελίας

162 1482 210 1548 ἐπὶ
226 1477 329 1558 πόλεις
343 1483 484 1572 πέπομφε
496 1483 602 1571 χώρας
616 1486 648 1552 τ’
666 1480 830 1567 Αὐσόνων,

161 1586 210 1650 ἐπὶ
226 1585 282 1668 μέν
293 1585 477 1670 Ἐπίδαμνον
491 1588 622 1674 στρατὸν
635 1588 761 1669 ἱππέοιν,

159 1686 213 1755 τόν
229 1688 370 1754 ναυτικόν
386 1691 420 1756 δέ
434 1690 513 1756 κατὰ
531 1691 766 1777 Θεσσαλονίκης.
804 1737 807 1744 ·

159 1793 211 1857 καί
227 1791 284 1875 τὴν
296 1792 353 1876 μέν
364 1793 548 1878 Ἐπίδαμνον
564 1791 607 1872 ὡς
620 1791 717 1880 νόμος
727 1791 830 1880 μόχης

74 1897 143 1964 5190
160 1893 294 1982 στρατός
307 1897 449 1981 κατέσχε,
475 1900 526 1964 καλ
542 1896 599 1963 σύν
613 1898 693 1986 αὐτῇ
707 1897 745 1964 τοὶ
759 1899 864 1984 πέριξ·

159 2000 211 2064 καὶ
228 2000 411 2086 διαδραμὼν
425 2003 476 2066 καὶ
491 1999 660 2080 σκυλεύσας
675 2001 730 2068 τόν
744 2004 829 2092 μέσῳ

159 2111 228 2180 ταῖς
240 2112 395 2180 ναυτικαῖς
407 2105 535 2188 μέμικτο
550 2108 749 2194 ταξιαρχίαις,

160 2205 389 2292 Θεσσαλονίκης
403 2207 645 2296 προομενούοαις
660 2219 723 2287 τοΐς
739 2207 834 2298 ὅροις.

157 2311 209 2376 καὶ
225 2308 461 2397 συνδραμούσης
477 2319 625 2399 στρατιᾶς
640 2309 785 2400 ἑκατέρας

74 2413 140 2480 5195
158 2413 238 2478 καθ’
254 2412 315 2478 ἅλα
329 2415 402 2480 κατ’
418 2413 543 2504 ἤπειρον
556 2418 598 2493 εἲς
611 2412 787 2500 ὁμαιχμίαν,

156 2519 208 2583 καὶ
228 2509 515 2605 προσβαλούσηςτῇ
528 2515 613 2584 πόλει
628 2519 834 2602 πανταχόθεν,

156 2627 217 2709 φεύ
235 2626 310 2710 φεύ,
337 2617 417 2686 {tto
435 2621 641 2706 Θεσσαλονίκη
656 2618 755 2702 πόλις,

130 2787 137 2806 ,
156 2721 247 2800 πόλις
258 2721 485 2812 προεδρεύουσα
496 2730 557 2792 τῶν
568 2723 774 2806 Μακεδόνων,

156 2830 207 2892 καὶ
225 2831 361 2905 Σικελοῖς
374 2826 468 2895 ἴκλινε
482 2827 560 2915 πρὸς
571 2830 644 2912 βίον
656 2817 766 2916 κόραν.

70 2925 140 2996 5200
156 2933 207 2996 καὶ
225 2931 331 2996 λοιπόν
345 2933 412 3009 otae
424 2938 486 2998 τῶν
498 2938 599 3000 κακῶν
611 2929 745 3010 Ἰλιάδας

156 3037 208 3100 καὶ
227 3041 396 3122 συμφορῶν
412 3035 542 3121 πέλαγος
554 3033 576 3120 ἢ
589 3038 762 3124 τραγῳδίας

155 3138 308 3204 πέπονθεν
324 3135 399 3204 εἶδεν
414 3137 534 3216 ἀθλίως
547 3137 624 3223 αύτη
638 3137 737 3222 πόλις,

155 3239 212 3307 ούκ
228 3239 482 3334 έκτραχριδήσειεν
495 3241 533 3309 ι’ίν
546 3268 594 3321 τις
605 3242 707 3324 ἀξίως.
722 3309 723 3314 ,

66 3493 180 3571 Aleriae,
196 3501 331 3574 peeeimue
344 3503 422 3559 homo
438 3503 592 3576 patriaeque
609 3501 733 3573 exitium,
745 3553 748 3558 .
761 3504 795 3558 ab
812 3501 962 3556 Andronico
982 3499 1114 3571 relegatus
1132 3501 1160 3555 in

67 3567 202 3642 Scythiam,
218 3573 313 3642 (5180)
332 3576 460 3643 profugus
476 3572 550 3628 exsul
568 3575 687 3628 venitin
705 3573 832 3640 Siciliam,
849 3581 929 3640 etque
947 3571 1068 3624 Latinum
1083 3571 1158 3625 ineu·

66 3634 102 3689 lae
115 3647 254 3708 tyrannum
268 3643 446 3709 conveniens,
471 3650 551 3714 etque
574 3643 701 3697 admissus
718 3644 751 3697 ad
769 3641 941 3710 colloquium,
969 3641 1038 3692 hunc
1054 3639 1158 3692 Andro-

67 3705 112 3758 nici
123 3719 195 3764 tauto
211 3709 385 3766 inflammavit
402 3712 462 3766 odio
482 3720 511 3765 ut
528 3712 696 3782 congregatis
713 3711 797 3782 copiis
814 3709 957 3764 innumeris
975 3709 1072 3791 (5185)
1090 3725 1157 3762 nea-

66 3774 119 3830 tieie
144 3786 172 3834 et
198 3780 367 3850 pedestribus
396 3798 444 3834 rex
472 3779 581 3835 Siciliae
617 3789 710 3864 eontra
738 3782 870 3834 Romanae
895 3797 928 3834 ox
949 3777 1035 3831 edrret
1063 3787 1159 3860 terras,

66 3849 620 3998 :tttttltlttdttttttlte
638 3847 1158 3988 'fellet‘ttttttnltttt‘tt

66 3980 169 4054 vicium,
193 4005 211 4058 p
248 3988 385 4057 utaturque
407 3995 494 4042 terrae
517 3989 688 4058 interpositae
713 4005 792 4042 cureu
809 3987 933 4057 pervenit
948 3986 1022 4039 illino
1036 3987 1069 4041 ad
1087 3985 1156 4040 clae-

65 4065 112 4104 aem
134 4073 206 4109 auam
250 4057 431 4111 heeoatonicae
453 4057 481 4110 in
505 4055 601 4111 finibus
618 4063 826 4126 exspectantem.
862 4065 973 4126 utroque
992 4054 1074 4124 igitur
1092 4073 1156 4108 con-

65 4130 176 4178 currente
191 4125 309 4178 exercitu
326 4126 422 4194 (5195)
445 4144 462 4180 a
487 4126 640 4180 continente
662 4133 782 4180 terreae
799 4125 880 4194 meri,
907 4133 935 4178 et
959 4141 1157 4195 quoqueversus

64 4191 144 4248 urbem
159 4193 352 4264 circumdante,
374 4193 426 4249 lreu
442 4195 509 4263 hou,
535 4204 614 4266 capta
634 4199 677 4250 eet
694 4194 885 4249 Thessalonica
902 4193 1012 4262 civitas,
1035 4193 1094 4262 illa,
1112 4195 1156 4246 in-

79 4273 148 4328 uam,
183 4263 356 4328 Mecedonum
390 4263 560 4335 metropolis,
604 4271 631 4320 et
660 4264 758 4320 Siculis
790 4271 883 4319 coacta
912 4265 1042 4318 cervicem
1069 4263 1156 4319 flexit.

64 4273 150 4398 l5200)
177 4331 302 4404 deinceps
328 4340 441 4418 quantae
463 4334 587 4388 malorum
604 4333 729 4402 ¹Iliadae,
761 4333 936 4387 calamitatum
951 4333 1157 4402 tragoediaeque

66 4395 164 4470 langue
179 4417 308 4476 perperau-
324 4410 360 4458 ert
382 4419 414 4458 ac
438 4401 536 4474 viderit
557 4403 650 4458 infelix
675 4403 786 4475 civitae,
812 4419 888 4457 neruo
905 4419 954 4474 pro
972 4401 1074 4456 meritis
1093 4419 1157 4458 eene
