3004 5008
32 949 34 994 l

322 405 380 472 DE
405 405 650 475 THEODORO
675 407 857 476 uastant

146 579 199 665 τὴν
216 575 415 665 πρωτόπαιόα
432 576 579 664 φιλτάτην
595 577 784 666 θυγατίρων,

145 685 221 770 πρὸς
235 685 335 749 τοῖσδε
347 685 437 748 τοῦδε
452 686 502 748 καὶ
518 685 615 771 φίλοιν
628 681 670 760 εἷς
683 680 845 768 συγγόνων.

201 787 296 873 Ἔρρῆ
310 794 492 872 κρατοῦντος
505 789 594 854 τοῦδε
608 793 662 871 τῆς
674 787 907 854 Κωνστοατίνου

59 887 128 956 7430
143 888 296 975 Πελάγιός
311 917 356 966 τις
372 887 542 975 άρχιθότης
557 894 715 972 Λατίνων,

32 997 34 1040 l
141 993 335 1080 θερμουργὸς
348 991 444 1080 ἀνήρ,
468 991 640 1078 δπερόπτης
654 1002 716 1060 τῶν
730 990 842 1078 νόμων,

142 1097 218 1182 πρὸς
231 1096 319 1162 πάιια
330 1100 485 1186 πεμφθείς
499 1102 541 1175 εἰς
552 1095 640 1164 πόλιν
651 1101 799 1181 βασιλίδα

141 1197 183 1278 ὣς
199 1198 404 1287 ποιμενάρχης
418 1205 469 1266 καὶ
484 1200 607 1287 λεγάτος
619 1209 674 1268 τοῦ
688 1199 787 1284 πάντα,

140 1305 305 1388 ἐνημμένος
320 1307 422 1370 δίκαια
434 1311 492 1371 τοῦ
501 1303 709 1395 πεπομφότος,

56 1403 123 1472 7435
140 1405 255 1492 πάντας
270 1406 448 1492 θυηπόλους
462 1435 493 1476 τε
511 1412 562 1474 καλ
576 1408 785 1497 μονοτρόπους

140 1509 300 1598 οἰκήτορας
317 1511 426 1599 ἔδρασε
440 1519 495 1595 τῆς
507 1515 740 1580 Κωνσταντίνου

139 1613 283 1680 πάνδεινα
299 1615 378 1681 κακά
394 1619 444 1680 καὶ
459 1619 629 1704 καθείρξας
645 1614 778 1695 ἀτόπους

134 1716 226 1804 χάριν
241 1721 324 1784 idcir
335 1745 368 1784 τε
381 1717 542 1805 δογμάτων
553 1719 751 1809 ἀμφιβόλων·

137 1821 154 1885 δ
168 1822 206 1905 δὴ
221 1820 320 1906 λόπην
333 1822 452 1908 ἤνεγκεν
467 1823 571 1900 ἀστοῖς
584 1827 635 1889 καὶ
646 1821 755 1911 βάρος,

55 1921 123 1988 7440
136 1923 273 2022 μάλιστα
285 1936 348 2003 τοῖς
358 1926 525 2010 προύχουσι
538 1930 590 1992 καλ
603 1936 668 2004 τοΐς
680 1931 711 1993 ἐν
724 1929 811 2010 τίλει,

137 2029 170 2092 οἳ
182 2030 263 2114 πρὸς
276 2029 328 2096 τδν
339 2031 450 2117 Ἔρρῆν
463 2031 517 2096 τὸν
533 2031 693 2118 κρατοῦντ’
710 2025 871 2118 ἀφιγμένοι

131 2131 259 2218 ᾐτοῦντο
275 2130 361 2199 λόσιν
377 2136 532 2222 δυσχερῶν
544 2145 608 2212 τοίς
622 2136 776 2224 φολίταις,

133 2239 183 2300 καὶ
197 2233 272 2302 τάδ’
291 2237 473 2322 ἐπιλέγοντες
488 2240 521 2302 ἕν
535 2242 703 2329 παρρησίη,

134 2336 175 2417 ὥς
188 2343 264 2426 πρὶν
277 2341 333 2423 μὲν
347 2337 434 2424 ἡμεῖς
451 2341 627 2426 ἀλλοδαπῆς
641 2344 674 2406 ἐκ
689 2339 807 2429 φότλης

56 2435 117 2506 7445
133 2440 245 2529 φάντες
252 2491 262 2522 ,
284 2449 429 2525 βασιλεῦ,
451 2446 502 2508 καί
518 2451 615 2528 νομῆς
630 2446 805 2530 ἐλευθέρας,

133 2545 240 2625 ἄλλοις
255 2547 285 2612 τ’
303 2548 424 2629 ἐθίμοις
438 2546 514 2633 παρ’
531 2545 614 2630 ὑμᾶς
627 2550 815 2634 κεχρημένοι,

133 2659 187 2715 σοῦ
201 2649 285 2734 πλὴν
298 2647 414 2728 ἑκόντες
426 2647 616 2735 δπετάγημεν
629 2649 744 2738 κράτει,

134 2755 183 2818 καὶ
195 2753 376 2838 σωματικὴν
390 2755 511 2821 ἐκτίνειν
524 2752 700 2841 ὑπουργίαν,

133 2857 168 2922 οὗ
185 2859 392 2943 πνευματικὴν
407 2857 543 2943 ψυχικὴν
559 2861 716 2926 κοινωνίαν

54 2950 118 3021 7450
133 2957 214 3044 ἡμᾶς
229 2959 462 3049 παρεσχήκαμεν
477 2959 589 3039 αότοός
603 2985 652 3028 σοι
668 2959 761 3044 τάχα.

134 3063 153 3146 ἢ
167 3071 240 3150 γοῦν
255 3063 294 3130 τά
309 3066 392 3130 δεινά
407 3071 500 3133 λῦσον
512 3061 586 3150 ἡμῖν
600 3066 725 3145 εδθίως,

193 3244 274 3366 iiiissl·
289 3246 372 3366 vppbe
388 3251 450 3300 sunt
466 3245 627 3302 schismatici
645 3245 757 3300 hominis
774 3252 804 3302 et
820 3264 836 3301 a
851 3246 997 3317 pontificiis
1014 3248 1135 3319 partibus

194 3331 210 3366 a
232 3329 285 3366 eur.
336 3349 343 3365 .
898 3349 900 3353 -

50 3453 149 3584 lldffilt'
170 3467 293 3523 maiorem
310 3473 375 3522 neta
390 3467 471 3522 filiam
489 3475 517 3523 et
533 3467 708 3534 carissimam
725 3477 857 3539 postremo
875 3485 942 3523 unus
961 3470 995 3524 de
1012 3467 1135 3523 Caesaris
1194 3509 1197 3519 .

59 3543 81 3579 44
128 3549 167 3588 us·

63 3661 69 3675 ‚
102 3601 223 3670 Byzantii
245 3605 381 3675 imperium
400 3603 532 3661 retinente
548 3607 645 3661 Errico
669 3606 763 3674 (7430)
782 3606 893 3660 Latinus
910 3605 1030 3676 quidam,
1053 3605 1133 3659 Pela·

48 3677 95 3748 tlflff
110 3673 261 3744 cardinalis,
287 3675 362 3728 horno
378 3677 549 3746 temerarius,
575 3684 738 3746 contemptor
757 3675 857 3745 legum,
875 3693 891 3728 a
909 3693 978 3746 pape
995 3676 1089 3729 missus
1106 3675 1134 3730 in

48 3745 131 3800 'etlam
147 3744 310 3814 metropolim
325 3754 450 3815 tanquam
467 3745 569 3814 legatus
586 3747 643 3799 eins
662 3755 689 3798 et
705 3763 818 3798 summus
835 3745 954 3814 praesul,
975 3745 1056 3813 digna
1073 3745 1134 3798 mit-

47 3807 108 3857 tente
128 3825 265 3880 aggressus
288 3813 464 3884 committere,
488 3815 584 3884 (7435)
609 3815 751 3868 monachos
769 3832 857 3867 omnes
876 3823 956 3883 atque
973 3816 1135 3884 sacerdotes,

47 3883 159 3944 l¹¹⁰tquot
180 3882 330 3938 incolebant
351 3884 471 3954 cpolim,
497 3885 586 3954 coepit
609 3901 707 3937 vexere
731 3893 758 3937 et
782 3883 931 3937 carceribus
957 3884 1079 3937 claudere
1100 3887 1134 3938 ob

46 3951 201 4018 controversa
223 3954 345 4022 dogmata
368 3954 497 4022 ritusque.
540 3971 618 4023 quam
643 3971 697 4006 rem
721 3963 831 4021 gravate
857 3971 988 4022 aegreque
1013 3955 1136 4008 serebant

46 4023 121 4086 omes,
141 4019 233 4090 (7440)
251 4023 405 4091 praesertim
422 4023 562 4094 optimates
580 4041 611 4076 ac
628 4031 780 4087 senatores3
803 4023 849 4090 qui
866 4021 988 4076 Erricum
1005 4025 1134 4077 adeuntes

45 4089 225 4159 loperetorem,
247 4093 313 4145 mele
330 4109 434 4144 snorum
452 4093 625 4162 deprecantes
642 4091 792 4159 gentilium,
812 4091 862 4143 hoc
879 4093 920 4145 nsi
937 4100 997 4145 sunt
1014 4111 1135 4146 sermone
1197 4096 1199 4100 ’

47 4150 202 4226 mordenter.
235 4155 317 4228 ‘nom
340 4161 497 4232 imperator,
523 4180 556 4214 ex
573 4161 659 4214 aliena
676 4171 756 4230 gente
773 4161 869 4228 (7445)
886 4161 990 4230 alioque
1007 4180 1087 4230 grege
1105 4174 1135 4217 et

45 4209 116 4272 bbere
133 4231 266 4297 prognati,
288 4231 522 4302 discrepantesque
539 4247 555 4284 e
572 4230 670 4284 vestris
689 4231 814 4283 habentes
832 4231 914 4300 ritus,
934 4241 1029 4300 sponte
1047 4241 1134 4292 tamen

46 4288 219 4370 tlltffparenans
241 4299 362 4370 imperio.
397 4301 445 4353 sed
470 4299 538 4354 enim
563 4299 734 4353 ministerium
755 4301 884 4368 praebere
901 4318 1054 4370 corporum,
1080 4318 1134 4355 non

46 4360 186 4418 *meallen
209 4383 294 4420 rernm
317 4369 521 4423 communionem
548 4370 641 4437 (7450)
664 4367 784 4422 exhiberi
806 4367 857 4420 tibi
874 4369 962 4422 hercle
998 4369 1067 4422 arati
1086 4387 1133 4423 su-

46 4433 102 4480 mus.
133 4433 174 4486 rel
190 4451 253 4506 ergo
270 4440 360 4496 statim
376 4439 420 4495 lac
436 4438 561 4494 malorum
576 4439 668 4508 tinem,
687 4439 730 4493 vel
746 4439 913 4512 manumitte,
932 4447 961 4492 nt
976 4388 1054 4494 lteri
1067 4456 1132 4510 pos-
