3030 5002
375 393 432 460 DE
456 393 622 466 isrsmo
646 395 827 468 ANGELO.
857 401 860 414 '

157 560 328 651 ίμφρουρον
344 561 438 629 adria
452 555 621 657 ἐγναθιστᾷ
636 569 770 654 πατρίδι,

75 668 142 732 5915
158 663 235 751 ἡνίκ’
251 663 450 754 ἓπεονάμαστο
464 673 515 735 καί
529 666 607 752 μάλ’
625 671 748 749 ίνδίκως

159 766 175 834 ὁ
190 766 436 858 μωροθεάδοιρος
450 773 484 838 ἐκ
499 779 561 838 τῶν
574 772 771 860 πραγμάτων.

158 873 234 957 πλὴν
248 874 293 958 μη
309 875 453 958 δυνηθείς
466 875 522 960 τὴν
540 879 736 966 Φιλαδέλφου
750 877 837 948 πάλιν

158 973 232 1054 άναξ
247 973 323 1042 ἑλεῖν
338 975 444 1056 ὅπλοις
455 1004 488 1044 τε
503 982 554 1044 καὶ
569 983 772 1068 στρατηγίαις,

158 1079 234 1166 πρδς
244 1077 446 1162 συμβιβάσεις
458 1080 597 1169 διάτορον
609 1091 704 1150 πλοῦν
713 1083 843 1169 ἐτράπη,

73 1181 143 1250 5990
159 1179 200 1258 ὥς
216 1180 254 1248 dr
268 1187 452 1272 Μαγναφᾶς
464 1184 634 1273 παράσημα
648 1196 701 1254 τοῦ
714 1188 845 1273 κράτους

157 1285 252 1372 ῥίψας
266 1287 344 1352 καθ’
363 1284 456 1354 odedu
470 1289 524 1354 τδν
536 1291 605 1372 βίον
619 1290 756 1378 διανάνῃ,
816 1319 817 1322 ’

158 1387 222 1473 ἤθη
237 1389 272 1454 δὲ
285 1390 324 1454 τά
336 1392 407 1476 πρὶν
419 1387 440 1474 ἢ
452 1388 541 1470 πόλις
554 1391 694 1481 ἀναλάβῃ

159 1495 208 1556 καὶ
222 1490 314 1557 πάλιν
328 1490 465 1559 iuducere
480 1496 556 1582 παρ’
576 1488 613 1562 οὗ
628 1500 680 1562 καὶ
696 1494 800 1561 πάλαι.

158 1598 341 1683 Μογκαφάς
358 1587 446 1674 οὗτος
458 1601 620 1686 προσρυεὶς
632 1605 677 1687 τῷ
689 1597 857 1685 σουλιάνῳ,

29 1729 31 1740 ν
72 1696 140 1762 5925
160 1696 317 1786 Τσάρκσυς
331 1724 362 1764 τε
376 1699 482 1784 λαβὼν
495 1699 674 1786 συμμάχους
686 1702 759 1767 κατ’
774 1697 934 1778 Adarima,
980 1759 983 1774 ,

154 1798 259 1889 χώρας
272 1799 355 1889 ἐπῄει
363 1799 533 1887 Ῥωμαϊκὰς
548 1805 712 1891 ίκτρίβων.-
995 1873 999 1904 ι

157 1907 277 1982 σταλεὶς
290 1907 323 1971 δὲ
336 1905 392 1972 σδν
402 1903 541 1992 χρήμασι
554 1909 680 1993 πρίσβις
694 1905 862 1996 enutriam,

157 2010 207 2071 ocul
222 2004 309 2074 τάνδε
326 2009 430 2091 λαβὼν
444 2010 620 2076 κατανεύσει
635 2009 813 2088 σουλτάνου,

157 2109 233 2197 πρὸς
245 2113 391 2192 βασιλίδα
404 2110 460 2195 τὴν
471 2111 560 2180 πάλιν
574 2114 729 2201 άναφίρει,

73 2209 142 2278 5930
158 2216 208 2278 καί
226 2214 325 2297 δεσμὰ
339 2217 390 2279 καὶ
404 2214 561 2303 κάθειρξιν
578 2215 695 2301 άληκτα
712 2201 807 2303 φέρει.Ι
882 2282 885 2290 ,

157 2321 312 2382 καὶτοῦτο
327 2315 484 2405 παρώξυνε
500 2320 631 2386 σουλτδν
644 2318 808 2404 συγγόνους

157 2419 236 2507 πρὸς
252 2419 306 2503 τὴν
319 2421 389 2486 κατ’
408 2420 504 2486 αὐτοῦ
519 2425 569 2486 καί
582 2420 687 2508 μάχην
699 2425 750 2487 καὶ
764 2425 884 2507 μανίαν,
904 2409 908 2415 ’

158 2521 294 2608 ἔγκλημά
309 2523 338 2588 οἶ
351 2523 500 2611 φέροντας
514 2525 622 2592 ἀδίκου
639 2527 725 2607 δίκης

158 2623 382 2712 καταπροδόνιι
395 2624 560 2716 πρόσφυγα
573 2625 682 2714 δώρων
692 2625 793 2712 χάριν.

73 2726 140 2795 5905
159 2732 208 2794 καί
224 2728 296 2813 τάχ’
314 2728 352 2794 clv
366 2726 519 2815 η’μάναντο
536 2737 644 2796 τοῦτον
657 2740 720 2808 τοῖς
733 2729 846 2807 ὅπλοις,

159 2835 185 2896 εἲ
198 2830 244 2916 μὴ
259 2835 357 2912 τιθείς
370 2830 526 2921 πρόφασιν
541 2833 664 2920 εάλογον
678 2832 758 2933 τάηα

157 2933 290 3024 ἴφασκεν
302 2935 394 3003 αιἰτδν
407 2936 575 3002 άποδοῦναι
588 2939 712 3024 πατρίδι

159 3039 210 3102 ἔπ’
228 3037 381 3130 άσφυλείρ
393 3037 471 3123 μήτε
483 3045 590 3107 θανεῖν
602 3040 679 3124 μηδ’
694 3038 773 3112 ὅλως

158 3139 234 3227 μήτ’
252 3145 295 3219 εἷς
309 3143 404 3236 δέμας
416 3169 445 3210 τι
457 3149 517 3210 τῶν
530 3150 632 3210 κακῶν
642 3141 837 3211 πεπονθέναι.

219 3301 287 3358 6921
304 3299 356 3358 τὸν
372 3321 414 3358 om
429 3303 456 3356 V

72 3436 145 3502 putria
160 3438 289 3494 conclusit
303 3437 443 3508 rebellem,
470 3438 567 3508 (5916)
583 3439 630 3510 qui
646 3444 708 3492 tunc
724 3437 846 3492 idoneum
863 3441 956 3490 nectus
973 3439 1014 3490 est
1030 3453 1156 3506 agnomen

71 3504 144 3560 dietus
167 3511 201 3563 ab
225 3510 292 3564 uotis
314 3511 402 3564 fatuus
419 3509 587 3563 Tlreodcrus.
623 3525 680 3561 cum
695 3505 862 3578 Philadelphi
877 3515 962 3560 tomen
979 3504 1048 3560 bend
1066 3519 1158 3575 posset

71 3577 147 3628 orbern
164 3595 259 3648 cepere
276 3579 377 3632 Caesar
393 3578 423 3632 vi
439 3578 588 3648 peritiaque
606 3577 713 3642 bellico,
738 3578 808 3646 quod
827 3575 879 3628 mit
894 3575 1038 3644 reliquum,
1063 3577 1154 3629 condi-

71 3641 147 3698 ciones
170 3645 279 3712 obtulit3
305 3649 401 3716 (5920)
424 3658 453 3700 ut
476 3647 604 3716 depositis
626 3645 730 3715 imperii
751 3644 899 3714 insignibus
921 3645 1051 3714 privatam
1073 3646 1155 3700 ritum

71 3709 217 3784 Menoaphee
242 3718 378 3786 exigeret,
411 3719 475 3769 urbs
499 3725 586 3769 eutem
610 3722 726 3772 veterem
751 3714 868 3769 ordinem
892 3713 1041 3782 reciperet,
1072 3731 1156 3783 seque

71 3780 142 3847 priori
164 3785 268 3838 dominu
290 3785 466 3840 submitteret.
501 3784 661 3854 Muncepbus
682 3792 769 3836 tomen
805 3781 940 3850 refugiens
957 3783 990 3836 ad
1008 3781 1154 3854 Soltunum,

70 3851 153 3918 (5995)
176 3853 273 3908 Turcis
297 3853 437 3924 assumptis
459 3871 546 3906 secum
569 3852 754 3920 auxiliaribus,
779 3801 891 3906 lumeni
906 3851 1011 3920 imperii
1028 3853 1094 3905 fines
1112 3852 1154 3905 in-

71 3921 190 3976 currebat.
223 3924 317 3977 missus
340 3940 398 3976 cum
419 3921 496 3975 donis
512 3922 614 3991 legatus
629 3921 663 3974 ad
681 3921 816 3976 Sultunum
833 3921 1006 3990 Mancepbem
1023 3931 1154 3978 annuente

70 3988 163 4043 reduxit
178 3991 286 4046 Sulteno
304 3992 403 4060 regiam
420 3993 455 4044 ad
472 3993 578 4059 urbem,
605 3990 696 4058 ibique
713 3991 813 4044 Caesur
830 3988 923 4044 vinciis
946 3991 1039 4057 (5930)
1055 4009 1152 4062 perpe·
1242 4052 1246 4060 ,

70 4062 155 4124 tuoque
169 4059 238 4114 illum
256 4061 358 4114 addixit
373 4060 483 4116 carceri.
519 4059 626 4130 cognita
641 4075 686 4111 res
702 4059 806 4112 Sultani
821 4061 925 4114 exucuit
938 4061 1035 4114 lustres
1050 4061 1083 4112 ed
1098 4061 1154 4114 ire·

70 4127 177 4180 cundiam
193 4129 325 4200 plurimam
341 4138 421 4198 atque
436 4129 471 4183 sd
488 4147 570 4198 armo,
587 4127 723 4198 perfidiam
737 4128 905 4184 criminantes
918 4129 989 4198 quod
1002 4129 1156 4200 prodiderut

70 4207 190 4250 munerum
206 4199 291 4267 gratie
307 4199 470 4268 transfugam
487 4198 540 4252 eibi
556 4196 709 4270 supplicem.
745 4197 842 4266 (5935)
868 4198 971 4268 iumque
992 4199 1071 4251 arude
1092 4197 1157 4252 Sul-

70 4269 147 4318 lanum
170 4268 319 4335 aggressuri
342 4275 433 4334 erent,
462 4267 514 4321 nisi
536 4267 580 4321 bic
603 4265 732 4338 speciosis
748 4283 803 4319 rem
821 4275 961 4336 purgasset
983 4268 1088 4320 verbis:
1117 4267 1157 4322 uit

70 4330 128 4384 enim
144 4333 268 4390 bominem
282 4354 301 4390 s
316 4353 346 4390 se
363 4337 467 4407 petrice
482 4336 612 4392 redditum
627 4336 683 4392 fide
695 4335 861 4407 interpositu,
878 4353 912 4392 ue
926 4345 1073 4392 moreretur
1087 4354 1156 4392 uero

70 4400 125 4466 quid
140 4404 199 4460 muli
214 4411 349 4476 peteretur
364 4402 485 4475 corporo.
