<?xml version="1.0" encoding="UTF-8"?>
<!DOCTYPE html PUBLIC "-//W3C//DTD XHTML 1.0 Transitional//EN"
    "http://www.w3.org/TR/xhtml1/DTD/xhtml1-transitional.dtd">
<html xmlns="http://www.w3.org/1999/xhtml" xml:lang="en" lang="en">
 <head>
  <title>
</title>
<meta http-equiv="Content-Type" content="text/html;charset=utf-8" />
  <meta name='ocr-system' content='tesseract 3.04.00' />
  <meta name='ocr-capabilities' content='ocr_page ocr_carea ocr_par ocr_line ocrx_word'/>
</head>
<body>
  <div class='ocr_page' id='page_1' title='image "./ephraemius00bekkgoog_0012.png"; bbox 0 0 3108 5002; ppageno 0'>
   <div class='ocr_carea' id='block_1_1' title="bbox 278 1455 1158 1550">
    <p class='ocr_par' dir='ltr' id='par_1_1' title="bbox 278 1455 1158 1550">
     <span class='ocr_line' id='line_1_1' title="bbox 278 1455 1158 1550; baseline 0.003 -3"><span class='ocrx_word' id='word_1_1' title='bbox 278 1455 529 1550; x_wconf 85' lang='lat' dir='ltr'><strong>&#39;ANGELI</strong></span> <span class='ocrx_word' id='word_1_2' title='bbox 565 1457 716 1550; x_wconf 87' lang='grc' dir='ltr'><strong>ΜΑΙΙ</strong></span> <span class='ocrx_word' id='word_1_3' title='bbox 752 1455 1158 1550; x_wconf 84' lang='lat' dir='ltr'><strong>PRAEFATIO.</strong></span> 
     </span>
    </p>
   </div>
   <div class='ocr_carea' id='block_1_2' title="bbox 609 1759 818 1771">
    <p class='ocr_par' dir='ltr' id='par_1_2' title="bbox 609 1759 818 1771">
     <span class='ocr_line' id='line_1_2' title="bbox 609 1759 818 1771; baseline 0.005 -2"><span class='ocrx_word' id='word_1_4' title='bbox 609 1759 818 1771; x_wconf 56' lang='lat' dir='ltr'>m—</span> 
     </span>
    </p>
   </div>
   <div class='ocr_carea' id='block_1_3' title="bbox 142 1974 1320 4488">
    <p class='ocr_par' dir='ltr' id='par_1_3' title="bbox 142 1974 1320 4488">
     <span class='ocr_line' id='line_1_3' title="bbox 156 1974 1271 2104; baseline 0.008 -25"><span class='ocrx_word' id='word_1_5' title='bbox 156 1974 311 2080; x_wconf 82' lang='lat' dir='ltr'>Historia</span> <span class='ocrx_word' id='word_1_6' title='bbox 337 2014 454 2082; x_wconf 85' lang='lat' dir='ltr'>Romani</span> <span class='ocrx_word' id='word_1_7' title='bbox 481 2017 609 2104; x_wconf 89' lang='lat' dir='ltr'>imperii,</span> <span class='ocrx_word' id='word_1_8' title='bbox 641 2018 715 2102; x_wconf 88' lang='lat' dir='ltr'>quod</span> <span class='ocrx_word' id='word_1_9' title='bbox 744 2030 851 2084; x_wconf 91' lang='lat' dir='ltr'>mature</span> <span class='ocrx_word' id='word_1_10' title='bbox 876 2020 903 2084; x_wconf 91' lang='lat' dir='ltr'>in</span> <span class='ocrx_word' id='word_1_11' title='bbox 928 2019 1081 2084; x_wconf 76' lang='lat' dir='ltr'>Occidente</span> <span class='ocrx_word' id='word_1_12' title='bbox 1108 2021 1271 2088; x_wconf 88' lang='lat' dir='ltr'>exstinctum</span> 
     </span>
     <span class='ocr_line' id='line_1_4' title="bbox 155 2132 1271 2224; baseline 0.009 -28"><span class='ocrx_word' id='word_1_13' title='bbox 155 2132 245 2222; x_wconf 84' lang='lat' dir='ltr'>longo</span> <span class='ocrx_word' id='word_1_14' title='bbox 262 2136 413 2202; x_wconf 84' lang='lat' dir='ltr'><strong>diuturnius</strong></span> <span class='ocrx_word' id='word_1_15' title='bbox 430 2136 459 2202; x_wconf 88' lang='lat' dir='ltr'>iu</span> <span class='ocrx_word' id='word_1_16' title='bbox 477 2135 596 2201; x_wconf 78' lang='lat' dir='ltr'>Oriente</span> <span class='ocrx_word' id='word_1_17' title='bbox 614 2159 700 2223; x_wconf 89' lang='lat' dir='ltr'>usque</span> <span class='ocrx_word' id='word_1_18' title='bbox 718 2139 755 2202; x_wconf 90' lang='lat' dir='ltr'>ad</span> <span class='ocrx_word' id='word_1_19' title='bbox 772 2149 880 2224; x_wconf 88' lang='lat' dir='ltr'>captam</span> <span class='ocrx_word' id='word_1_20' title='bbox 902 2161 920 2201; x_wconf 94' lang='lat' dir='ltr'>a</span> <span class='ocrx_word' id='word_1_21' title='bbox 941 2135 1040 2202; x_wconf 75' lang='lat' dir='ltr'>&#39;furcis</span> <span class='ocrx_word' id='word_1_22' title='bbox 1057 2136 1168 2222; x_wconf 88' lang='lat' dir='ltr'>Cpolim</span> <span class='ocrx_word' id='word_1_23' title='bbox 1185 2141 1271 2206; x_wconf 89' lang='lat' dir='ltr'>vitam</span> 
     </span>
     <span class='ocr_line' id='line_1_5' title="bbox 155 2255 1270 2343; baseline 0.006 -27"><span class='ocrx_word' id='word_1_24' title='bbox 155 2275 234 2316; x_wconf 89' lang='lat' dir='ltr'>suam</span> <span class='ocrx_word' id='word_1_25' title='bbox 252 2257 435 2342; x_wconf 78' lang='lat' dir='ltr'>propagavit,</span> <span class='ocrx_word' id='word_1_26' title='bbox 458 2256 604 2320; x_wconf 86' lang='lat' dir='ltr'>multorum</span> <span class='ocrx_word' id='word_1_27' title='bbox 622 2255 750 2342; x_wconf 87' lang='lat' dir='ltr'>profecto</span> <span class='ocrx_word' id='word_1_28' title='bbox 767 2257 882 2343; x_wconf 81' lang='lat' dir='ltr'>ingonia</span> <span class='ocrx_word' id='word_1_29' title='bbox 899 2255 1111 2340; x_wconf 79' lang='lat' dir='ltr'>facultatemque</span> <span class='ocrx_word' id='word_1_30' title='bbox 1127 2255 1270 2323; x_wconf 72' lang='lat' dir='ltr'>scribendi</span> 
     </span>
     <span class='ocr_line' id='line_1_6' title="bbox 157 2373 1268 2464; baseline 0.005 -29"><span class='ocrx_word' id='word_1_31' title='bbox 157 2375 299 2452; x_wconf 85' lang='lat' dir='ltr'>exercuit,</span> <span class='ocrx_word' id='word_1_32' title='bbox 331 2387 413 2462; x_wconf 89' lang='lat' dir='ltr'>atque</span> <span class='ocrx_word' id='word_1_33' title='bbox 441 2375 470 2440; x_wconf 94' lang='lat' dir='ltr'>in</span> <span class='ocrx_word' id='word_1_34' title='bbox 497 2373 542 2440; x_wconf 81' lang='lat' dir='ltr'>hie</span> <span class='ocrx_word' id='word_1_35' title='bbox 569 2376 721 2462; x_wconf 78' lang='lat' dir='ltr'>praecipue</span> <span class='ocrx_word' id='word_1_36' title='bbox 745 2375 926 2464; x_wconf 72' lang='lat' dir='ltr'>Byzantinos,</span> <span class='ocrx_word' id='word_1_37' title='bbox 956 2386 984 2439; x_wconf 90' lang='lat' dir='ltr'>nt</span> <span class='ocrx_word' id='word_1_38' title='bbox 1011 2374 1096 2462; x_wconf 81' lang='lat' dir='ltr'>uulgo</span> <span class='ocrx_word' id='word_1_39' title='bbox 1123 2375 1268 2462; x_wconf 87' lang='lat' dir='ltr'>loquimur,</span> 
     </span>
     <span class='ocr_line' id='line_1_7' title="bbox 159 2467 1268 2582; baseline 0.006 -29"><span class='ocrx_word' id='word_1_40' title='bbox 159 2489 268 2556; x_wconf 81' lang='lat' dir='ltr'>iucundi</span> <span class='ocrx_word' id='word_1_41' title='bbox 286 2493 346 2556; x_wconf 90' lang='lat' dir='ltr'>oris</span> <span class='ocrx_word' id='word_1_42' title='bbox 364 2492 508 2570; x_wconf 70' lang='lat' dir='ltr'>homiues,¹</span> <span class='ocrx_word' id='word_1_43' title='bbox 534 2515 648 2580; x_wconf 87' lang='lat' dir='ltr'>quonum</span> <span class='ocrx_word' id='word_1_44' title='bbox 669 2517 771 2582; x_wconf 81' lang='lat' dir='ltr'>magna</span> <span class='ocrx_word' id='word_1_45' title='bbox 790 2506 819 2558; x_wconf 87' lang='lat' dir='ltr'>st</span> <span class='ocrx_word' id='word_1_46' title='bbox 835 2467 971 2578; x_wconf 79' lang='lat' dir='ltr'>perutilia</span> <span class='ocrx_word' id='word_1_47' title='bbox 987 2493 1126 2560; x_wconf 86' lang='lat' dir='ltr'>volumina</span> <span class='ocrx_word' id='word_1_48' title='bbox 1143 2516 1162 2558; x_wconf 91' lang='lat' dir='ltr'>a</span> <span class='ocrx_word' id='word_1_49' title='bbox 1180 2493 1268 2560; x_wconf 86' lang='lat' dir='ltr'>Galli-</span> 
     </span>
     <span class='ocr_line' id='line_1_8' title="bbox 165 2608 1269 2701; baseline 0.005 -27"><span class='ocrx_word' id='word_1_50' title='bbox 165 2611 236 2674; x_wconf 85' lang='lat' dir='ltr'>canis</span> <span class='ocrx_word' id='word_1_51' title='bbox 257 2608 326 2674; x_wconf 90' lang='lat' dir='ltr'>olim</span> <span class='ocrx_word' id='word_1_52' title='bbox 350 2613 423 2700; x_wconf 74' lang='lat' dir='ltr'>tppie</span> <span class='ocrx_word' id='word_1_53' title='bbox 447 2613 619 2698; x_wconf 85' lang='lat' dir='ltr'>accepimus,</span> <span class='ocrx_word' id='word_1_54' title='bbox 648 2635 719 2676; x_wconf 91' lang='lat' dir='ltr'>nnuc</span> <span class='ocrx_word' id='word_1_55' title='bbox 741 2625 831 2677; x_wconf 86' lang='lat' dir='ltr'>autem</span> <span class='ocrx_word' id='word_1_56' title='bbox 849 2615 1014 2678; x_wconf 86' lang='lat' dir='ltr'>consociatis</span> <span class='ocrx_word' id='word_1_57' title='bbox 1032 2614 1105 2678; x_wconf 84' lang='lat' dir='ltr'>curie</span> <span class='ocrx_word' id='word_1_58' title='bbox 1123 2614 1269 2701; x_wconf 77' lang='lat' dir='ltr'>recognita</span> 
     </span>
     <span class='ocr_line' id='line_1_9' title="bbox 162 2729 1267 2818; baseline 0.005 -25"><span class='ocrx_word' id='word_1_59' title='bbox 162 2729 290 2815; x_wconf 80' lang='lat' dir='ltr'>novisque</span> <span class='ocrx_word' id='word_1_60' title='bbox 307 2733 488 2797; x_wconf 82' lang='lat' dir='ltr'>monumentis</span> <span class='ocrx_word' id='word_1_61' title='bbox 506 2731 672 2818; x_wconf 87' lang='lat' dir='ltr'>locupletata</span> <span class='ocrx_word' id='word_1_62' title='bbox 695 2733 827 2798; x_wconf 86' lang='lat' dir='ltr'>Gomnaui</span> <span class='ocrx_word' id='word_1_63' title='bbox 851 2731 979 2798; x_wconf 87' lang='lat' dir='ltr'>homines</span> <span class='ocrx_word' id='word_1_64' title='bbox 1003 2733 1168 2811; x_wconf 80' lang='lat' dir='ltr'>doctissimi,</span> <span class='ocrx_word' id='word_1_65' title='bbox 1201 2755 1267 2798; x_wconf 86' lang='lat' dir='ltr'>oon·</span> 
     </span>
     <span class='ocr_line' id='line_1_10' title="bbox 155 2848 1266 2940; baseline 0.006 -28"><span class='ocrx_word' id='word_1_66' title='bbox 155 2848 218 2913; x_wconf 85' lang='lat' dir='ltr'>silio</span> <span class='ocrx_word' id='word_1_67' title='bbox 236 2863 266 2915; x_wconf 91' lang='lat' dir='ltr'>et</span> <span class='ocrx_word' id='word_1_68' title='bbox 283 2872 341 2936; x_wconf 93' lang='lat' dir='ltr'>ope</span> <span class='ocrx_word' id='word_1_69' title='bbox 358 2849 398 2915; x_wconf 84' lang='lat' dir='ltr'>itt.</span> <span class='ocrx_word' id='word_1_70' title='bbox 416 2850 582 2926; x_wconf 88' lang='lat' dir='ltr'>Niebuhrii‚</span> <span class='ocrx_word' id='word_1_71' title='bbox 616 2875 709 2916; x_wconf 90' lang='lat' dir='ltr'>rursus</span> <span class='ocrx_word' id='word_1_72' title='bbox 728 2852 869 2916; x_wconf 87' lang='lat' dir='ltr'>exhibent.</span> <span class='ocrx_word' id='word_1_73' title='bbox 903 2852 982 2917; x_wconf 30' lang='lat' dir='ltr'>&#39;mihi</span> <span class='ocrx_word' id='word_1_74' title='bbox 1007 2874 1044 2916; x_wconf 89' lang='lat' dir='ltr'>ex</span> <span class='ocrx_word' id='word_1_75' title='bbox 1069 2854 1105 2917; x_wconf 87' lang='lat' dir='ltr'>iis</span> <span class='ocrx_word' id='word_1_76' title='bbox 1126 2855 1174 2940; x_wconf 88' lang='lat' dir='ltr'>qui</span> <span class='ocrx_word' id='word_1_77' title='bbox 1194 2852 1266 2919; x_wconf 86' lang='lat' dir='ltr'>Gae-</span> 
     </span>
     <span class='ocr_line' id='line_1_11' title="bbox 149 2961 1268 3058; baseline 0.004 -26"><span class='ocrx_word' id='word_1_78' title='bbox 149 2989 263 3032; x_wconf 87' lang='lat' dir='ltr'>eaream</span> <span class='ocrx_word' id='word_1_79' title='bbox 286 2967 432 3033; x_wconf 81' lang='lat' dir='ltr'>historiam</span> <span class='ocrx_word' id='word_1_80' title='bbox 455 2971 626 3056; x_wconf 90' lang='lat' dir='ltr'>scripserunt</span> <span class='ocrx_word' id='word_1_81' title='bbox 650 2971 734 3035; x_wconf 87' lang='lat' dir='ltr'>valde</span> <span class='ocrx_word' id='word_1_82' title='bbox 751 2971 825 3034; x_wconf 81' lang='lat' dir='ltr'>utilis</span> <span class='ocrx_word' id='word_1_83' title='bbox 842 2961 925 3058; x_wconf 78' lang='lat' dir='ltr'>atque</span> <span class='ocrx_word' id='word_1_84' title='bbox 944 2969 1113 3054; x_wconf 62' lang='lat' dir='ltr'>exoptabilis</span> <span class='ocrx_word' id='word_1_85' title='bbox 1131 2971 1207 3036; x_wconf 88' lang='lat' dir='ltr'>visus</span> <span class='ocrx_word' id='word_1_86' title='bbox 1224 2983 1268 3036; x_wconf 81' lang='lat' dir='ltr'>est</span> 
     </span>
     <span class='ocr_line' id='line_1_12' title="bbox 148 3083 1265 3173; baseline 0.002 -21"><span class='ocrx_word' id='word_1_87' title='bbox 148 3087 354 3173; x_wconf 86' lang='lat' dir='ltr'>Ephreemius,</span> <span class='ocrx_word' id='word_1_88' title='bbox 388 3089 465 3154; x_wconf 87' lang='lat' dir='ltr'>cuius</span> <span class='ocrx_word' id='word_1_89' title='bbox 493 3089 646 3154; x_wconf 90' lang='lat' dir='ltr'>chronicon</span> <span class='ocrx_word' id='word_1_90' title='bbox 671 3089 796 3154; x_wconf 85' lang='lat' dir='ltr'>iambicis</span> <span class='ocrx_word' id='word_1_91' title='bbox 818 3088 946 3154; x_wconf 88' lang='lat' dir='ltr'>uersibus</span> <span class='ocrx_word' id='word_1_92' title='bbox 965 3083 1138 3170; x_wconf 84' lang='lat' dir='ltr'>elaboratum</span> <span class='ocrx_word' id='word_1_93' title='bbox 1159 3087 1196 3152; x_wconf 88' lang='lat' dir='ltr'>ab</span> <span class='ocrx_word' id='word_1_94' title='bbox 1214 3089 1265 3154; x_wconf 89' lang='lat' dir='ltr'>im·</span> 
     </span>
     <span class='ocr_line' id='line_1_13' title="bbox 147 3205 1264 3294; baseline 0.001 -24"><span class='ocrx_word' id='word_1_95' title='bbox 147 3205 225 3292; x_wconf 90' lang='lat' dir='ltr'>perii</span> <span class='ocrx_word' id='word_1_96' title='bbox 248 3205 394 3270; x_wconf 79' lang='lat' dir='ltr'>fundatore</span> <span class='ocrx_word' id='word_1_97' title='bbox 415 3206 486 3271; x_wconf 86' lang='lat' dir='ltr'>Iulio</span> <span class='ocrx_word' id='word_1_98' title='bbox 505 3207 733 3294; x_wconf 75' lang='lat' dir='ltr'>caesareusque</span> <span class='ocrx_word' id='word_1_99' title='bbox 751 3208 788 3273; x_wconf 94' lang='lat' dir='ltr'>ad</span> <span class='ocrx_word' id='word_1_100' title='bbox 805 3220 949 3294; x_wconf 87' lang='lat' dir='ltr'>receptam</span> <span class='ocrx_word' id='word_1_101' title='bbox 967 3228 985 3270; x_wconf 89' lang='lat' dir='ltr'>a</span> <span class='ocrx_word' id='word_1_102' title='bbox 1003 3206 1123 3270; x_wconf 85' lang='lat' dir='ltr'>Graecis</span> <span class='ocrx_word' id='word_1_103' title='bbox 1141 3207 1264 3272; x_wconf 83' lang='lat' dir='ltr'>e·Fren·</span> 
     </span>
     <span class='ocr_line' id='line_1_14' title="bbox 149 3325 1266 3415; baseline 0 -25"><span class='ocrx_word' id='word_1_104' title='bbox 149 3346 247 3390; x_wconf 83' lang='lat' dir='ltr'>corum</span> <span class='ocrx_word' id='word_1_105' title='bbox 277 3325 464 3390; x_wconf 88' lang='lat' dir='ltr'>dominatione</span> <span class='ocrx_word' id='word_1_106' title='bbox 494 3325 604 3412; x_wconf 88' lang='lat' dir='ltr'>Cpolim</span> <span class='ocrx_word' id='word_1_107' title='bbox 631 3351 685 3415; x_wconf 93' lang='lat' dir='ltr'>per</span> <span class='ocrx_word' id='word_1_108' title='bbox 712 3327 789 3393; x_wconf 89' lang='lat' dir='ltr'>mille</span> <span class='ocrx_word' id='word_1_109' title='bbox 817 3327 924 3394; x_wconf 88' lang='lat' dir='ltr'>scilicet</span> <span class='ocrx_word' id='word_1_110' title='bbox 948 3348 982 3390; x_wconf 90' lang='lat' dir='ltr'>ac</span> <span class='ocrx_word' id='word_1_111' title='bbox 1009 3336 1150 3390; x_wconf 86' lang='lat' dir='ltr'>trecentos</span> <span class='ocrx_word' id='word_1_112' title='bbox 1178 3347 1266 3390; x_wconf 87' lang='lat' dir='ltr'>anuos</span> 
     </span>
     <span class='ocr_line' id='line_1_15' title="bbox 150 3443 1266 3518; baseline 0 -10"><span class='ocrx_word' id='word_1_113' title='bbox 150 3443 315 3509; x_wconf 85' lang='lat' dir='ltr'>extenditur.</span> <span class='ocrx_word' id='word_1_114' title='bbox 377 3445 433 3510; x_wconf 85' lang='lat' dir='ltr'>iam</span> <span class='ocrx_word' id='word_1_115' title='bbox 460 3445 508 3510; x_wconf 93' lang='lat' dir='ltr'>hic</span> <span class='ocrx_word' id='word_1_116' title='bbox 535 3445 682 3512; x_wconf 87' lang='lat' dir='ltr'>historicus</span> <span class='ocrx_word' id='word_1_117' title='bbox 710 3469 767 3512; x_wconf 89' lang='lat' dir='ltr'>non</span> <span class='ocrx_word' id='word_1_118' title='bbox 794 3446 882 3512; x_wconf 90' lang='lat' dir='ltr'>solum</span> <span class='ocrx_word' id='word_1_119' title='bbox 909 3445 1028 3511; x_wconf 86' lang='lat' dir='ltr'>ineditus</span> <span class='ocrx_word' id='word_1_120' title='bbox 1056 3455 1133 3518; x_wconf 85' lang='lat' dir='ltr'>erat,</span> <span class='ocrx_word' id='word_1_121' title='bbox 1166 3463 1266 3508; x_wconf 82' lang='lat' dir='ltr'>uorum</span> 
     </span>
     <span class='ocr_line' id='line_1_16' title="bbox 151 3559 1262 3630; baseline -0.001 -4"><span class='ocrx_word' id='word_1_122' title='bbox 151 3561 235 3626; x_wconf 90' lang='lat' dir='ltr'>etiam</span> <span class='ocrx_word' id='word_1_123' title='bbox 258 3572 351 3626; x_wconf 90' lang='lat' dir='ltr'>tantae</span> <span class='ocrx_word' id='word_1_124' title='bbox 374 3564 498 3629; x_wconf 85' lang='lat' dir='ltr'>raritatis</span> <span class='ocrx_word' id='word_1_125' title='bbox 515 3575 545 3629; x_wconf 91' lang='lat' dir='ltr'>ut</span> <span class='ocrx_word' id='word_1_126' title='bbox 562 3565 671 3629; x_wconf 89' lang='lat' dir='ltr'>nonnisi</span> <span class='ocrx_word' id='word_1_127' title='bbox 689 3567 718 3630; x_wconf 90' lang='lat' dir='ltr'>in</span> <span class='ocrx_word' id='word_1_128' title='bbox 736 3567 816 3630; x_wconf 92' lang='lat' dir='ltr'>unico</span> <span class='ocrx_word' id='word_1_129' title='bbox 833 3563 1024 3629; x_wconf 86' lang='lat' dir='ltr'>bibliothecae</span> <span class='ocrx_word' id='word_1_130' title='bbox 1044 3559 1196 3628; x_wconf 83' lang='lat' dir='ltr'>Vaticanue</span> <span class='ocrx_word' id='word_1_131' title='bbox 1214 3579 1262 3625; x_wconf 84' lang='lat' dir='ltr'>co-</span> 
     </span>
     <span class='ocr_line' id='line_1_17' title="bbox 148 3679 1261 3770; baseline 0.001 -25"><span class='ocrx_word' id='word_1_132' title='bbox 148 3679 213 3745; x_wconf 89' lang='lat' dir='ltr'>dice</span> <span class='ocrx_word' id='word_1_133' title='bbox 236 3683 318 3748; x_wconf 88' lang='grc'>1003</span> <span class='ocrx_word' id='word_1_134' title='bbox 340 3705 489 3770; x_wconf 84' lang='lat' dir='ltr'>superesse</span> <span class='ocrx_word' id='word_1_135' title='bbox 510 3683 647 3750; x_wconf 82' lang='lat' dir='ltr'>videntur.</span> <span class='ocrx_word' id='word_1_136' title='bbox 690 3685 794 3770; x_wconf 87' lang='lat' dir='ltr'>primus</span> <span class='ocrx_word' id='word_1_137' title='bbox 824 3683 897 3749; x_wconf 85' lang='lat' dir='ltr'>hunc</span> <span class='ocrx_word' id='word_1_138' title='bbox 928 3693 1069 3748; x_wconf 84' lang='lat' dir='ltr'>auctorem</span> <span class='ocrx_word' id='word_1_139' title='bbox 1089 3701 1261 3746; x_wconf 84' lang='lat' dir='ltr'>commemo·</span> 
     </span>
     <span class='ocr_line' id='line_1_18' title="bbox 148 3769 1261 3891; baseline -0.001 -26"><span class='ocrx_word' id='word_1_140' title='bbox 148 3801 236 3876; x_wconf 81' lang='lat' dir='ltr'>revit,</span> <span class='ocrx_word' id='word_1_141' title='bbox 257 3801 332 3886; x_wconf 89' lang='lat' dir='ltr'>quod</span> <span class='ocrx_word' id='word_1_142' title='bbox 349 3823 408 3890; x_wconf 83' lang='lat' dir='ltr'>ego</span> <span class='ocrx_word' id='word_1_143' title='bbox 425 3769 526 3879; x_wconf 69' lang='lat' dir='ltr'>isium,</span> <span class='ocrx_word' id='word_1_144' title='bbox 545 3802 659 3868; x_wconf 86' lang='lat' dir='ltr'>saeculo</span> <span class='ocrx_word' id='word_1_145' title='bbox 676 3804 771 3888; x_wconf 88' lang='lat' dir='ltr'>quinto</span> <span class='ocrx_word' id='word_1_146' title='bbox 789 3803 898 3870; x_wconf 88' lang='lat' dir='ltr'>decimo</span> <span class='ocrx_word' id='word_1_147' title='bbox 916 3801 1042 3891; x_wconf 80' lang='lat' dir='ltr'>Raphael</span> <span class='ocrx_word' id='word_1_148' title='bbox 1060 3799 1261 3886; x_wconf 85' lang='lat' dir='ltr'>Volaterranos</span> 
     </span>
     <span class='ocr_line' id='line_1_19' title="bbox 151 3911 1259 4008; baseline -0.003 -27"><span class='ocrx_word' id='word_1_149' title='bbox 151 3915 404 3986; x_wconf 83' lang='lat' dir='ltr'>incommenteriis</span> <span class='ocrx_word' id='word_1_150' title='bbox 429 3921 543 3986; x_wconf 87' lang='lat' dir='ltr'>urbanis</span> <span class='ocrx_word' id='word_1_151' title='bbox 569 3921 618 3987; x_wconf 90' lang='lat' dir='ltr'>lib.</span> <span class='ocrx_word' id='word_1_152' title='bbox 644 3923 684 3988; x_wconf 86' lang='lat'>15</span> <span class='ocrx_word' id='word_1_153' title='bbox 706 3945 735 4008; x_wconf 92' lang='lat' dir='ltr'>p.</span> <span class='ocrx_word' id='word_1_154' title='bbox 761 3921 836 3988; x_wconf 57' lang='lat' dir='ltr'>17st</span> <span class='ocrx_word' id='word_1_155' title='bbox 864 3911 1021 4006; x_wconf 77' lang='lat' dir='ltr'>prraem</span> <span class='ocrx_word' id='word_1_156' title='bbox 1047 3924 1183 3982; x_wconf 77' lang='lat' dir='ltr'>Graecus</span> <span class='ocrx_word' id='word_1_157' title='bbox 1204 3921 1259 3980; x_wconf 78' lang='lat' dir='ltr'>dn·</span> 
     </span>
     <span class='ocr_line' id='line_1_20' title="bbox 149 4039 1259 4126; baseline 0 -29"><span class='ocrx_word' id='word_1_158' title='bbox 149 4043 239 4099; x_wconf 66' lang='lat' dir='ltr'>umba</span> <span class='ocrx_word' id='word_1_159' title='bbox 257 4041 374 4102; x_wconf 81' lang='lat' dir='ltr'>abhinc</span> <span class='ocrx_word' id='word_1_160' title='bbox 392 4046 484 4104; x_wconf 80' lang='lat' dir='ltr'>annia</span> <span class='ocrx_word' id='word_1_161' title='bbox 502 4046 583 4105; x_wconf 73' lang='lat' dir='ltr'>vitae</span> <span class='ocrx_word' id='word_1_162' title='bbox 599 4047 776 4126; x_wconf 69' lang='lat' dir='ltr'>princepum</span> <span class='ocrx_word' id='word_1_163' title='bbox 801 4044 1027 4123; x_wconf 77' lang='lat' dir='ltr'>Opob&#39;tarucrum</span> <span class='ocrx_word' id='word_1_164' title='bbox 1046 4039 1175 4102; x_wconf 83' lang='lat' dir='ltr'>iambico</span> <span class='ocrx_word' id='word_1_165' title='bbox 1192 4058 1259 4098; x_wconf 66' lang='lat' dir='ltr'>carr·</span> 
     </span>
     <span class='ocr_line' id='line_1_21' title="bbox 146 4160 1257 4244; baseline 0.004 -27"><span class='ocrx_word' id='word_1_166' title='bbox 146 4161 228 4218; x_wconf 83' lang='lat' dir='ltr'>mine</span> <span class='ocrx_word' id='word_1_167' title='bbox 263 4163 398 4242; x_wconf 79' lang='lat' dir='ltr'>scripsit,</span> <span class='ocrx_word' id='word_1_168' title='bbox 431 4163 515 4244; x_wconf 77' lang='lat' dir='ltr'>quod</span> <span class='ocrx_word' id='word_1_169' title='bbox 547 4183 623 4244; x_wconf 81' lang='lat' dir='ltr'>opus</span> <span class='ocrx_word' id='word_1_170' title='bbox 657 4165 690 4224; x_wconf 80' lang='lat' dir='ltr'>in</span> <span class='ocrx_word' id='word_1_171' title='bbox 722 4163 901 4224; x_wconf 79' lang='lat' dir='ltr'>bibliotheca</span> <span class='ocrx_word' id='word_1_172' title='bbox 935 4165 1087 4224; x_wconf 82' lang='lat' dir='ltr'>Vaticana</span> <span class='ocrx_word' id='word_1_173' title='bbox 1114 4160 1257 4221; x_wconf 77' lang='lat' dir='ltr'>cernitrsr.</span> 
     </span>
     <span class='ocr_line' id='line_1_22' title="bbox 144 4275 1261 4360; baseline 0.003 -23"><span class='ocrx_word' id='word_1_174' title='bbox 144 4287 227 4360; x_wconf 89' lang='lat' dir='ltr'>atque</span> <span class='ocrx_word' id='word_1_175' title='bbox 251 4275 307 4342; x_wconf 90' lang='lat' dir='ltr'>hoc</span> <span class='ocrx_word' id='word_1_176' title='bbox 330 4279 509 4346; x_wconf 84' lang='lat' dir='ltr'>Volaterrani</span> <span class='ocrx_word' id='word_1_177' title='bbox 533 4280 718 4348; x_wconf 88' lang='lat' dir='ltr'>testimonium</span> <span class='ocrx_word' id='word_1_178' title='bbox 743 4303 797 4344; x_wconf 93' lang='lat' dir='ltr'>non</span> <span class='ocrx_word' id='word_1_179' title='bbox 821 4279 900 4348; x_wconf 88' lang='lat' dir='ltr'>latuit</span> <span class='ocrx_word' id='word_1_180' title='bbox 921 4279 1049 4346; x_wconf 83' lang='lat' dir='ltr'>Vossium</span> <span class='ocrx_word' id='word_1_181' title='bbox 1068 4277 1104 4342; x_wconf 91' lang='lat' dir='ltr'>de</span> <span class='ocrx_word' id='word_1_182' title='bbox 1122 4276 1187 4342; x_wconf 89' lang='lat' dir='ltr'>hist.</span> <span class='ocrx_word' id='word_1_183' title='bbox 1208 4276 1261 4347; x_wconf 73' lang='lat' dir='ltr'>Gn</span> 
     </span>
     <span class='ocr_line' id='line_1_23' title="bbox 142 4389 1320 4488; baseline -0.01 -22"><span class='ocrx_word' id='word_1_184' title='bbox 142 4391 240 4465; x_wconf 78' lang='lat' dir='ltr'>lib-2</span> <span class='ocrx_word' id='word_1_185' title='bbox 274 4399 325 4466; x_wconf 81' lang='lat'>29.</span> <span class='ocrx_word' id='word_1_186' title='bbox 369 4389 471 4465; x_wconf 80' lang='lat' dir='ltr'>deinde</span> <span class='ocrx_word' id='word_1_187' title='bbox 495 4401 694 4488; x_wconf 85' lang='lat' dir='ltr'>Ephraemr&#39;um</span> <span class='ocrx_word' id='word_1_188' title='bbox 716 4420 805 4485; x_wconf 85' lang='lat' dir='ltr'>saepe</span> <span class='ocrx_word' id='word_1_189' title='bbox 825 4397 866 4464; x_wconf 71' lang='lat' dir='ltr'>&#39;ad</span> <span class='ocrx_word' id='word_1_190' title='bbox 889 4410 984 4486; x_wconf 85' lang='lat' dir='ltr'>partes</span> <span class='ocrx_word' id='word_1_191' title='bbox 1008 4397 1119 4464; x_wconf 67' lang='lat' dir='ltr'>vocant</span> <span class='ocrx_word' id='word_1_192' title='bbox 1142 4409 1260 4480; x_wconf 81' lang='lat' dir='ltr'>maguus</span> <span class='ocrx_word' id='word_1_193' title='bbox 1316 4444 1320 4454; x_wconf 32' lang='lat' dir='ltr'>s</span> 
     </span>
    </p>
   </div>
   <div class='ocr_carea' id='block_1_4' title="bbox 0 0 1558 5002">
    <p class='ocr_par' dir='ltr' id='par_1_4' title="bbox 0 0 1558 5002">
     <span class='ocr_line' id='line_1_24' title="bbox 0 0 1558 5002; baseline 0 4"><span class='ocrx_word' id='word_1_194' title='bbox 0 0 1558 5002; x_wconf 95' lang='lat' dir='ltr'> </span> 
     </span>
    </p>
   </div>
  </div>
 </body>
</html>
